@article{ test-entry,
  title   = {中国工业生产率的增长与收敛},
  author  = {谢千里，罗斯基，张轶凡},
  journal = {经济学(季刊)},
  volume  = {7},
  number  = {3},
  pages   = {809--826},
  year    = {2008}
}

