%% This BibTeX bibliography file was created using BibDesk.
@article{Angell:2004vh,
	Author = {Marcia Angell},
	Journal = {New York Review of Books},
	Month = {July 15},
	Title = {The Truth About the Drug Companies},
	Year = {2004},
}

@article{Gruber:2008kx,
	Author = {Gruber, Jonathan},
	Journal = {Journal of Economic Literature},
	Number = {3},
	Pages = {571â€“606},
	Title = {Covering the Uninsured in the {U}nited {S}tates},
	Volume = {46},
	Year = {2008},
}

@article{Calfee:2009ys,
	Author = {Calfee oeps oeps oeps
    oeps, John E.},
	Journal = {Wall Street Journal},
	Month = {June 26},
	Title = {The Dangers of {F}annie {M}ae Health Care},
	Year = {2009},
}
