    @inproceedings{Foo:1983,
      author = {Foo, Bar},
      booktitle = {Booktitle},
      pages = {34--39},
      title = {Title of the paper},
      year = {1983}
    }
